@techreport{u.s.censusbureauSIPPSyntheticBeta2015b,
  type = {[{{Computer}} File]},
  title = {{{SIPP Synthetic Beta Version}} 7.0},
  author = {{U.S. Census Bureau}},
  year = {2015},
  address = {Washington,DC and Ithaca, NY, USA},
  institution = {Cornell University, Synthetic Data Server [distributor]},
  url = {http://www2.vrdc.cornell.edu/news/data/sipp-synthetic-beta-file/},
  annotation = {Published: Computer file}
}
